<?xml version='1.0' encoding='utf-8'?>
<record xmlns="http://www.loc.gov/MARC21/slim" xmlns:xsi="http://www.w3.org/2001/XMLSchema-instance">
  <leader>00000nfm^a22003611a^4500</leader>
  <controlfield tag="001">002750829</controlfield>
  <controlfield tag="005">20100202113028.0</controlfield>
  <controlfield tag="007">ajocanzn</controlfield>
  <controlfield tag="008">940131s1930^^^^xxu^^^^^^^a^^^^^0^e^fre^d</controlfield>
  <datafield tag="034" ind1="1" ind2=" ">
    <subfield code="a">a</subfield>
    <subfield code="b">71280</subfield>
    <subfield code="d">W0831700</subfield>
    <subfield code="e">W0825100</subfield>
    <subfield code="f">N0422700</subfield>
    <subfield code="g">N0415800</subfield>
  </datafield>
  <datafield tag="035" ind1=" " ind2=" ">
    <subfield code="a">(RLIN)MIUV93-M151</subfield>
  </datafield>
  <datafield tag="035" ind1=" " ind2=" ">
    <subfield code="a">(OCoLC)35063889</subfield>
  </datafield>
  <datafield tag="040" ind1=" " ind2=" ">
    <subfield code="a">MiU-H</subfield>
    <subfield code="c">MiU-H</subfield>
  </datafield>
  <datafield tag="052" ind1=" " ind2=" ">
    <subfield code="a">3312</subfield>
    <subfield code="b">D4</subfield>
  </datafield>
  <datafield tag="100" ind1="1" ind2=" ">
    <subfield code="a">Hickman, C. E.</subfield>
  </datafield>
  <datafield tag="245" ind1="1" ind2="0">
    <subfield code="a">Carte du la riviere du Detroit depuis le Lac Erie jus'ques au Lac Ste. Claire</subfield>
    <subfield code="h">[map] /</subfield>
    <subfield code="c">donné par Mr. de Lery fils, 1752 ; adapted by C. E. Hickman.</subfield>
  </datafield>
  <datafield tag="255" ind1=" " ind2=" ">
    <subfield code="a">Scale [ca. 1:71,280]</subfield>
    <subfield code="c">(W83⁰17ʹ--W82⁰51ʹ/N42⁰27ʹ--N41⁰58ʹ).</subfield>
  </datafield>
  <datafield tag="260" ind1=" " ind2=" ">
    <subfield code="c">[1930?].</subfield>
  </datafield>
  <datafield tag="300" ind1=" " ind2=" ">
    <subfield code="a">1 map :</subfield>
    <subfield code="b">ms., col. ;</subfield>
    <subfield code="c">49 x 48 cm.</subfield>
  </datafield>
  <datafield tag="500" ind1=" " ind2=" ">
    <subfield code="a">Relief shown pictorially.</subfield>
  </datafield>
  <datafield tag="500" ind1=" " ind2=" ">
    <subfield code="a">Shows fort, Indian villages, and names of landowners.</subfield>
  </datafield>
  <datafield tag="500" ind1=" " ind2=" ">
    <subfield code="a">Redrawn from ms. no. B4044-68 in the Bibliothèque Service Hydrographique, Paris.</subfield>
  </datafield>
  <datafield tag="500" ind1=" " ind2=" ">
    <subfield code="a">Hand colored.</subfield>
  </datafield>
  <datafield tag="510" ind1="4" ind2=" ">
    <subfield code="a">Koerner</subfield>
    <subfield code="c">8.</subfield>
  </datafield>
  <datafield tag="590" ind1=" " ind2=" ">
    <subfield code="a">Framed.</subfield>
  </datafield>
  <datafield tag="651" ind1=" " ind2="0">
    <subfield code="a">Detroit River (Mich. and Ont.)</subfield>
    <subfield code="x">Maps.</subfield>
  </datafield>
  <datafield tag="650" ind1=" " ind2="0">
    <subfield code="a">Real property</subfield>
    <subfield code="z">Michigan</subfield>
    <subfield code="z">Wayne County</subfield>
    <subfield code="x">Maps.</subfield>
  </datafield>
  <datafield tag="650" ind1=" " ind2="0">
    <subfield code="a">Real property</subfield>
    <subfield code="z">Ontario</subfield>
    <subfield code="z">Essex County</subfield>
    <subfield code="x">Maps.</subfield>
  </datafield>
  <datafield tag="650" ind1=" " ind2="0">
    <subfield code="a">Landowners</subfield>
    <subfield code="z">Michigan</subfield>
    <subfield code="z">Wayne County</subfield>
    <subfield code="x">Maps.</subfield>
  </datafield>
  <datafield tag="650" ind1=" " ind2="0">
    <subfield code="a">Landowners</subfield>
    <subfield code="z">Ontario</subfield>
    <subfield code="z">Essex County</subfield>
    <subfield code="x">Maps.</subfield>
  </datafield>
  <datafield tag="700" ind1="1" ind2=" ">
    <subfield code="a">Chaussegros de Léry, Joseph Gaspard,</subfield>
    <subfield code="d">1721-1797.</subfield>
    <subfield code="t">Carte de la riviere du Detroit depuis le Lac Erie jus'ques au Lac Ste. Claire</subfield>
    <subfield code="h">[map].</subfield>
  </datafield>
  <datafield tag="852" ind1="8" ind2=" ">
    <subfield code="a">MiU-H</subfield>
    <subfield code="b">BENT</subfield>
    <subfield code="h">2010106 Aa 2</subfield>
  </datafield>
  <datafield tag="998" ind1=" " ind2=" ">
    <subfield code="c">LAC</subfield>
    <subfield code="s">9114</subfield>
  </datafield>
  <datafield tag="955" ind1=" " ind2=" ">
    <subfield code="b">BENT</subfield>
    <subfield code="p">B1066096</subfield>
  </datafield>
</record>
